@book{pierce91,
    author ={Benjamin C. Pierce},
    title = {Basic Category Theory for Computer Scientists},
    publisher = {The MIT Press},
    year = {1991},
}

@misc{cheli2021,
      title={Automated Code Optimization with E-Graphs}, 
      author={Alessandro Cheli},
      year={2021},
      eprint={2112.14714},
      archivePrefix={arXiv},
      primaryClass={cs.PL},
      url={https://arxiv.org/abs/2112.14714}, 
}


@incollection{barrexact,
	title={Exact Categories},
	author={Barr, Michael},
	booktitle={Exact Categories and Categories of Sheaves},
			pages={1--120},
		year={1971},
		publisher={Springer Science \& Business Media},
		series={Lecture Notes in Mathematics},
		volume={236},
		editor={Barr, Michael and Grillet, Pierre and van Osdol, Donovan},
}

@book{maclane2012sheaves,
	title={Sheaves in geometry and logic: A first introduction to topos theory},
	author={MacLane, Saunders and Moerdijk, Ieke},
	year={2012},
	publisher={Springer Science \& Business Media}
}


@book{Herrlich_Strecker_1979,
    place={Berlin},
    edition={2},
    series={Sigma Series in Pure Mathematics}, 
    title={Category Theory}, 
    volume={1}, 
    publisher={Heldermann Verlag Berlin}, 
    author={Herrlich, Horst and Strecker, George E.}, 
    year={1979}, 
    collection={Sigma Series in Pure Mathematics}
} 

@book{Barr_Wells_1995,
    place={London}, 
    edition={2},
    title={Category theory for computing science},
    publisher={Prentice Hall},
    author={Barr, Michael and Wells, Charles},
    year={1995}
} 

@article{concur2006,
    author = {Baldan, Paolo and Gadducci, Fabio and Montanari, Ugo},
    title = {Concurrent Rewriting for Graphs with Equivalences},
    journal = {CONCUR2006},
    year = {2006}
}

@book{Adamek_Herrlich_Strecker_2009,
    place={Mineola, N.Y},
    title={Abstract and concrete categories: The joy of cats},
    publisher={Dover Publications},
    author={Ad\'amek, Jiri and Herrlich, Horst and Strecker, George E.},
    year={2009}
} 

@misc{castelnovo2022newcriterionmathcalmmathcalnadhesivity,
      title={A new criterion for $\mathcal{M}, \mathcal{N}$-adhesivity, with an application to hierarchical graphs}, 
      author={Davide Castelnovo and Fabio Gadducci and Marino Miculan},
      year={2022},
      eprint={2201.00233},
      archivePrefix={arXiv},
      primaryClass={cs.LO},
      url={https://arxiv.org/abs/2201.00233}, 
}

@article{lack2005adhesive,
	title={Adhesive and quasiadhesive categories},
	author={Lack, Sthephen and Soboci{\'n}ski, Pawel},
	journal={RAIRO-Theoretical Informatics and Applications},
	volume={39},
	number={3},
	pages={511--545},
	year={2005},
	publisher={{\'E}dition Diffusion Presse Science}
}


@article{azzi2019essence,
	title={On the essence and initiality of conflicts in {$\mathcal{M}$}-adhesive transformation systems},
	author={Azzi, Guilherme Grochau and Corradini, Andrea and Ribeiro, Leila},
	journal={Journal of Logical and Algebraic Methods in Programming},
	volume={109},
	pages={100482},
	year={2019},
	publisher={Elsevier}
}


@misc{lack2011embeddingtheoremadhesivecategories,
      title={An embedding theorem for adhesive categories}, 
      author={Stephen Lack},
      year={2011},
      eprint={1103.0600},
      archivePrefix={arXiv},
      primaryClass={math.CT},
      url={https://arxiv.org/abs/1103.0600}, 
}

@book{ehrig2006fundamentals,
	title={Fundamentals of Algebraic Graph Transformation},
	author={Ehrig, Harmut and Ehrig, Karsten and Prange, Ulrike and Taentzer, Gabriele},
	series={Monographs in Theoretical Computer Science},
	publisher ={Springer Science \& Business Media},
	year={2006}
}

@article{baldan1999concurrent,
	title={Concurrent semantics of algebraic graph transformation},
	author={Baldan, Paolo and Corradini, Andrea and Ehrig, Hartmut and L{\"o}we, Michael and Montanari, Ugo and Rossi, Francesca},
	journal={Handbook of Graph Grammars and Computing by Graph Transformation},
	volume={3},
	pages={107--187},
	year={1999}
}


@book{ehrig1999handbook,
	title={Handbook of graph grammars and computing by graph transformation},
	author={Ehrig, Hartmut and Rozenberg, Grzegorz and Montanari, Ugo and Kreowski, Hans-Jorg},
	volume={3},
	year={1999},
	publisher={world Scientific}
}


@article{behr2022fundamentals,
	title={Fundamentals of Compositional Rewriting Theory},
	author={Behr, Nicolas and Harmer, Russ and Krivine, Jean},
	journal={arXiv preprint arXiv:2204.07175},
	year={2022}
}

@misc{Ehrig_Golas,
	author = {Ehrig, Hartmut and Golas, Ulrike},
	year = {2006},
	month = {01},
	pages = {235-251},
	title = {Weak Adhesive High-Level Replacement Categories and Systems: A Unifying Framework for Graph and Petri Net Transformations},
	isbn = {978-3-540-35462-8},
	doi = {10.1007/11780274_13}
}


@article{egg,
author = {Willsey, Max and Nandi, Chandrakana and Wang, Yisu Remy and Flatt, Oliver and Tatlock, Zachary and Panchekha, Pavel},
title = {egg: Fast and extensible equality saturation},
year = {2021},
issue_date = {January 2021},
publisher = {Association for Computing Machinery},
address = {New York, NY, USA},
volume = {5},
number = {POPL},
url = {https://doi.org/10.1145/3434304},
doi = {10.1145/3434304},
abstract = {An e-graph efficiently represents a congruence relation over many expressions. Although they were originally developed in the late 1970s for use in automated theorem provers, a more recent technique known as equality saturation repurposes e-graphs to implement state-of-the-art, rewrite-driven compiler optimizations and program synthesizers. However, e-graphs remain unspecialized for this newer use case. Equality saturation workloads exhibit distinct characteristics and often require ad-hoc e-graph extensions to incorporate transformations beyond purely syntactic rewrites.  This work contributes two techniques that make e-graphs fast and extensible, specializing them to equality saturation. A new amortized invariant restoration technique called rebuilding takes advantage of equality saturation's distinct workload, providing asymptotic speedups over current techniques in practice. A general mechanism called e-class analyses integrates domain-specific analyses into the e-graph, reducing the need for ad hoc manipulation.  We implemented these techniques in a new open-source library called egg. Our case studies on three previously published applications of equality saturation highlight how egg's performance and flexibility enable state-of-the-art results across diverse domains.},
journal = {Proc. ACM Program. Lang.},
month = jan,
articleno = {23},
numpages = {29},
keywords = {equality saturation, e-graphs}
}


@misc{baldan2024leftlinearrewritingadhesivecategories,
      title={Left-Linear Rewriting in Adhesive Categories}, 
      author={Paolo Baldan and Davide Castelnovo and Andrea Corradini and Fabio Gadducci},
      year={2024},
      eprint={2407.06181},
      archivePrefix={arXiv},
      primaryClass={cs.LO},
      url={https://arxiv.org/abs/2407.06181}, 
}


@misc{egg_form,
      title={Equivalence Hypergraphs: E-Graphs for Monoidal Theories}, 
      author={Dan R. Ghica and Chris Barrett and Aleksei Tiurin},
      year={2024},
      eprint={2406.15882},
      archivePrefix={arXiv},
      primaryClass={cs.LO},
      url={https://arxiv.org/abs/2406.15882}, 
}


@article{Tate_2011,
   title={Equality Saturation: A New Approach to Optimization},
   volume={Volume 7, Issue 1},
   ISSN={1860-5974},
   url={http://dx.doi.org/10.2168/LMCS-7(1:10)2011},
   DOI={10.2168/lmcs-7(1:10)2011},
   journal={Logical Methods in Computer Science},
   publisher={Centre pour la Communication Scientifique Directe (CCSD)},
   author={Tate, Ross and Stepp, Michael and Tatlock, Zachary and Lerner, Sorin},
   year={2011},
   month=mar }


@phdthesis{Nelson1980,
	author = {Nelson, Charles Gregory},
	title = {Techniques for program verification},
	year = {1980},
	publisher = {Stanford University},
	address = {Stanford, CA, USA},
}
