@article{HabelHT96,
  author       = {Annegret Habel and
                  Reiko Heckel and
                  Gabriele Taentzer},
  title        = {Graph Grammars with Negative Application Conditions},
  journal      = {Fundamenta Informaticae},
  volume       = {26},
  number       = {3/4},
  pages        = {287--313},
  year         = {1996}
}


@article{carboni1993introduction,
	title={Introduction to extensive and distributive categories},
	author={Carboni, Aurelio and Lack, Stephen and Walters, Robert FC},
	journal={Journal of Pure and Applied Algebra},
	volume={84},
	number={2},
	pages={145--158},
	year={1993},
	publisher={Elsevier}
}




@article{AriolaKP00,
  author       = {Zena M. Ariola and
                  Jan Willem Klop and
                  Detlef Plump},
  title        = {Bisimilarity in Term Graph Rewriting},
  journal      = {Information and Computation},
  volume       = {156},
  number       = {1-2},
  pages        = {2--24},
  year         = {2000}
}

@incollection{CorradiniMREHL97,
  author       = {Andrea Corradini and
                  Ugo Montanari and
                  Francesca Rossi and
                  Hartmut Ehrig and
                  Reiko Heckel and
                  Michael L{\"{o}}we},
  editor       = {Grzegorz Rozenberg},
  title        = {Algebraic Approaches to Graph Transformation - Part {I:} Basic Concepts
                  and Double Pushout Approach},
  booktitle    = {Handbook of Graph Grammars and Computing by Graph Transformations,
                  Volume 1: Foundations},
  pages        = {163--246},
  publisher    = {World Scientific},
  year         = {1997}
}

@incollection{Plu:TGR-ENTCS,
author =    {Plump, D.}, 
title =     {Term Graph Rewriting}, 
publisher = {World Scientific},
booktitle = {Handbook of Graph Grammars and Computing 
             by Graph Transformation, II: Applications, Languages and Tools},
editor =    {Ehrig, H. and Engels, G. and Kreowski, H-J  and Rozenberg, G.},
year =      {1999},
pages =     {3--61}
}

@incollection{corradini1997algebraic,
	title={Algebraic approaches to graph transformation--part I: Basic concepts and double pushout approach},
	author={Corradini, Andrea and Montanari, Ugo and Rossi, Francesca and Ehrig, Hartmut and Heckel, Reiko and L{\"o}we, Michael},
	booktitle={Handbook Of Graph Grammars And Computing By Graph Transformation: Volume 1: Foundations},
	pages={163--245},
	year={1997},
	publisher={World Scientific}
}


@inproceedings{BaldanC0G24,
  author       = {Paolo Baldan and
                  Davide Castelnovo and
                  Andrea Corradini and
                  Fabio Gadducci},
  editor       = {Rupak Majumdar and
                  Alexandra Silva},
  title        = {Left-Linear Rewriting in Adhesive Categories},
  booktitle    = {CONCUR 2024},
  series       = {LIPIcs},
  volume       = {311},
  pages        = {11:1--11:24},
  publisher    = {Schloss Dagstuhl - Leibniz-Zentrum f{\"{u}}r Informatik},
  year         = {2024}
}

@inproceedings{lack2006toposes,
  author       = {Stephen Lack and Pawel Sobocinski},
  editor       = {Andrea Corradini and Hartmut Ehrig and Ugo Montanari and Leila Ribeiro and Grzegorz Rozenberg},
  title        = {Toposes are adhesive},
  booktitle    = {ICGT 2006},
  series       = {LNCS},
  volume       = {4178},
  pages        = {184--198},
  publisher    = {Springer},
  year         = {2006}
}

@article{ghicaZan,
  author       = {Dan R. Ghica and
                  Fabio Zanasi},
  title        = {Hierarchical string diagrams and applications},
  journal      = {CoRR},
  volume       = {abs/2305.18945},
  year         = {2023}
}

@misc{eggs,
 author = {VV.AA.},
 title = {egg: e-graphs good},
 howpublished = {https://egraphs-good.github.io/},
 accessed = {2025-03-03}
}

@inproceedings{WillseyNWFTP21,
  author       = {Max Willsey and
                  Chandrakana Nandi and
                  Yisu Remy Wang and
                  Oliver Flatt and
                  Zachary Tatlock and
                  Pavel Panchekha},
  title        = {egg: Fast and extensible equality saturation},
  booktitle      = {POPL 2021},
  series = {PACMPL},
  volume       = {5},
  pages        = {1--29},
  year         = {2021},
  publisher = {ACM}
}

@article{DetlefsNS05,
  author       = {David Detlefs and
                  Greg Nelson and
                  James B. Saxe},
  title        = {Simplify: a theorem prover for program checking},
  journal      = {Journal of the ACM},
  volume       = {52},
  number       = {3},
  pages        = {365--473},
  year         = {2005}
 }

@article{BehrHK23,
  author       = {Nicolas Behr and
                  Russ Harmer and
                  Jean Krivine},
  title        = {Fundamentals of compositional rewriting theory},
  journal      = {Journal of Logical and Algebraic Methods in Programming},
  volume       = {135},
  pages        = {100893},
  year         = {2023}
}

@article{ghica,
  author       = {Dan R. Ghica and
                  Chris Barrett and
                  Aleksei Tiurin},
  title        = {Equivalence Hypergraphs: E-Graphs for Monoidal Theories},
  journal      = {CoRR},
  volume       = {abs/2406.15882},
  year         = {2024}
}

@inproceedings{johnstone2007quasitoposes,
  author       = {Peter T. Johnstone and
                  Stephen Lack and
                  Pawel Sobocinski},
  editor       = {Till Mossakowski and
                  Ugo Montanari and
                  Magne Haveraaen},
  title        = {Quasitoposes, Quasiadhesive Categories and {A}rtin Glueing},
  booktitle    = {CALCO 2007},
  series       = {LNCS},
  volume       = {4624},
  pages        = {312--326},
  publisher    = {Springer},
  year         = {2007}
}


@book{pierce91,
    author ={Benjamin C. Pierce},
    title = {Basic Category Theory for Computer Scientists},
    publisher = {The MIT Press},
    year = {1991},
}

@article{brown1997van,
	title={Van Kampen theorems for categories of covering morphisms in lextensive categories},
	author={Brown, Ronald and Janelidze, George},
	journal={Journal of Pure and Applied Algebra},
	volume={119},
	number={3},
	pages={255--263},
	year={1997},
	publisher={Elsevier}
}


@article{carboni1995connected,
	title={Connected limits, familial representability and {A}rtin glueing},
	author={Carboni, Aurelio and Johnstone, Peter},
	journal={Mathematical Structures in Computer Science},
	volume={5},
	number={4},
	pages={441--459},
	year={1995},
	publisher={Cambridge University Press}
}

@inproceedings{CorradiniG05,
  author       = {Andrea Corradini and
                  Fabio Gadducci},
  editor       = {Maribel Fern{\'{a}}ndez},
  title        = {On Term Graphs as an Adhesive Category},
  booktitle    = {TERMGRAPH 2004},
  series       = {ENTCS},
  volume       = {127(5)},
  pages        = {43--56},
  publisher    = {Elsevier},
  year         = {2004}
}

@article{corradini2005term,
	title={On term graphs as an adhesive category},
	author={Corradini, Andrea and Gadducci, Fabio},
	journal={Electronic Notes in Theoretical Computer Science},
	volume={127},
	number={5},
	pages={43--56},
	year={2005},
	publisher={Elsevier}
}


@misc{cheli2021,
      title={Automated Code Optimization with E-Graphs}, 
      author={Alessandro Cheli},
      year={2021},
      eprint={2112.14714},
      archivePrefix={arXiv},
      primaryClass={cs.PL},
      url={https://arxiv.org/abs/2112.14714}, 
}

@book{mac2013categories,
	title={Categories for the working mathematician},
	author={Mac Lane, Saunders},
	year={2013},
	publisher={Springer}
}


@book{sakarovitch2009elements,
	title={Elements of automata theory},
	author={Sakarovitch, J.},
	year={2009},
	publisher={Cambridge University Press}
}

@article{lack2010note,
	title={Note on the construction of free monoids},
	author={Lack, Stephen},
	journal={Applied categorical structures},
	volume={18},
	pages={17--29},
	year={2010},
	publisher={Springer}
}


@article{dubuc1974free,
	title={Free monoids},
	author={Dubuc, Eduardo J},
	journal={Journal of Algebra},
	volume={29},
	number={2},
	pages={208--228},
	year={1974},
	publisher={Elsevier}
}


@article{kelly1980unified,
	title={A unified treatment of transfinite constructions for free algebras, free monoids, colimits, associated sheaves, and so on},
	author={Kelly, G Max},
	journal={Bulletin of the Australian Mathematical Society},
	volume={22},
	number={1},
	pages={1--83},
	year={1980},
	publisher={Cambridge University Press}
}


@incollection{barrexact,
	title={Exact Categories},
	author={Barr, Michael},
	booktitle={Exact Categories and Categories of Sheaves},
			pages={1--120},
		year={1971},
		publisher={Springer Science \& Business Media},
		series={Lecture Notes in Mathematics},
		volume={236},
		editor={Barr, Michael and Grillet, Pierre and van Osdol, Donovan},
}

@book{maclane2012sheaves,
	title={Sheaves in geometry and logic: A first introduction to topos theory},
	author={Mac Lane, Saunders and Moerdijk, Ieke},
	year={2012},
	publisher={Springer}
}


@book{Herrlich_Strecker_1979,
    place={Berlin},
    edition={2},
    series={Sigma Series in Pure Mathematics}, 
    title={Category Theory}, 
    volume={1}, 
    publisher={Heldermann Verlag Berlin}, 
    author={Herrlich, Horst and Strecker, George E.}, 
    year={1979}, 
    collection={Sigma Series in Pure Mathematics}
} 

@book{Barr_Wells_1995,
    place={London}, 
    edition={2},
    title={Category theory for computing science},
    publisher={Prentice Hall},
    author={Barr, Michael and Wells, Charles},
    year={1995}
} 

@inproceedings{concur2006,
  author       = {Paolo Baldan and
                  Fabio Gadducci and
                  Ugo Montanari},
  editor       = {Christel Baier and
                  Holger Hermanns},
  title        = {Concurrent Rewriting for Graphs with Equivalences},
  booktitle    = {CONCUR 2006},
  series       = {LNCS},
  volume       = {4137},
  pages        = {279--294},
  publisher    = {Springer},
  year         = {2006}
}

@inproceedings{Wadler95,
  author       = {Philip Wadler},
  editor       = {Johan Jeuring and
                  Erik Meijer},
  title        = {Monads for Functional Programming},
  booktitle    = {Advanced Functional Programming},
  series       = {LNCS},
  volume       = {925},
  pages        = {24--52},
  publisher    = {Springer},
  year         = {1995}
}


@article{bonchi2022string,
	title={String Diagram Rewrite Theory {I}: Rewriting with {F}robenius structure},
	author={Bonchi, F. and Gadducci, F. and Kissinger, A. and Soboci{\'n}ski, P. and Zanasi, F.},
	journal={Journal of the ACM},
	volume={69},
	number={2},
	pages={1--58},
	year={2022},
}


@book{Adamek_Herrlich_Strecker_2009,
    place={Mineola, N.Y},
    title={Abstract and concrete categories: The joy of cats},
    publisher={Dover Publications},
    author={Ad\'amek, Jiri and Herrlich, Horst and Strecker, George E.},
    year={2009}
} 

@inproceedings{kelly2006note,
	title={A note on relations relative to a factorization system},
	author={Kelly, Gregory Maxwell},
	booktitle={Category Theory 1990},
	editor = {Carboni, A. and Pedicchio, M.C. and Rosolini, G.},
	series = {Lecture Notes in Mathematics}, 
	volume = {1488},
	pages={249--261},
	year={2006},
	publisher={Springer}
}


@article{CastelnovoGM24,
  author       = {Davide Castelnovo and
                  Fabio Gadducci and
                  Marino Miculan},
  title        = {A simple criterion for $\mathcal{M}$,$\mathcal{N}$-adhesivity},
  journal      = {Theoretical Computer Science},
  volume       = {982},
  pages        = {114280},
  year         = {2024}
}




@article{lack2005adhesive,
	title={Adhesive and quasiadhesive categories},
	author={Lack, Sthephen and Soboci{\'n}ski, Pawel},
	journal={RAIRO-Theoretical Informatics and Applications},
	volume={39},
	number={3},
	pages={511--545},
	year={2005},
	publisher={{\'E}dition Diffusion Presse Science}
}


@article{azzi2019essence,
	title={On the essence and initiality of conflicts in {$\mathcal{M}$}-adhesive transformation systems},
	author={Azzi, Guilherme Grochau and Corradini, Andrea and Ribeiro, Leila},
	journal={Journal of Logical and Algebraic Methods in Programming},
	volume={109},
	pages={100482},
	year={2019},
	publisher={Elsevier}
}


@misc{lack2011embeddingtheoremadhesivecategories,
      title={An embedding theorem for adhesive categories}, 
      author={Stephen Lack},
      year={2011},
      eprint={1103.0600},
      archivePrefix={arXiv},
      primaryClass={math.CT},
      url={https://arxiv.org/abs/1103.0600}, 
}

@book{ehrig2006fundamentals,
	title={Fundamentals of Algebraic Graph Transformation},
	author={Ehrig, Harmut and Ehrig, Karsten and Prange, Ulrike and Taentzer, Gabriele},
	publisher ={Springer},
	year={2006}
}

@article{baldan1999concurrent,
	title={Concurrent semantics of algebraic graph transformation},
	author={Baldan, Paolo and Corradini, Andrea and Ehrig, Hartmut and L{\"o}we, Michael and Montanari, Ugo and Rossi, Francesca},
	journal={Handbook of Graph Grammars and Computing by Graph Transformation},
	volume={3},
	pages={107--187},
	year={1999}
}


@book{ehrig1999handbook,
	title={Handbook of graph grammars and computing by graph transformation},
	author={Ehrig, Hartmut and Rozenberg, Grzegorz and Montanari, Ugo and Kreowski, Hans-Jorg},
	volume={3},
	year={1999},
	publisher={world Scientific}
}


@article{behr2022fundamentals,
	title={Fundamentals of Compositional Rewriting Theory},
	author={Behr, Nicolas and Harmer, Russ and Krivine, Jean},
	journal={arXiv preprint arXiv:2204.07175},
	year={2022}
}

@misc{Ehrig_Golas,
	author = {Ehrig, Hartmut and Golas, Ulrike},
	year = {2006},
	month = {01},
	pages = {235-251},
	title = {Weak Adhesive High-Level Replacement Categories and Systems: A Unifying Framework for Graph and Petri Net Transformations},
	isbn = {978-3-540-35462-8},
	doi = {10.1007/11780274_13}
}


@article{egg,
author = {Willsey, Max and Nandi, Chandrakana and Wang, Yisu Remy and Flatt, Oliver and Tatlock, Zachary and Panchekha, Pavel},
title = {egg: Fast and extensible equality saturation},
year = {2021},
issue_date = {January 2021},
publisher = {Association for Computing Machinery},
address = {New York, NY, USA},
volume = {5},
number = {POPL},
url = {https://doi.org/10.1145/3434304},
doi = {10.1145/3434304},
abstract = {An e-graph efficiently represents a congruence relation over many expressions. Although they were originally developed in the late 1970s for use in automated theorem provers, a more recent technique known as equality saturation repurposes e-graphs to implement state-of-the-art, rewrite-driven compiler optimizations and program synthesizers. However, e-graphs remain unspecialized for this newer use case. Equality saturation workloads exhibit distinct characteristics and often require ad-hoc e-graph extensions to incorporate transformations beyond purely syntactic rewrites.  This work contributes two techniques that make e-graphs fast and extensible, specializing them to equality saturation. A new amortized invariant restoration technique called rebuilding takes advantage of equality saturation's distinct workload, providing asymptotic speedups over current techniques in practice. A general mechanism called e-class analyses integrates domain-specific analyses into the e-graph, reducing the need for ad hoc manipulation.  We implemented these techniques in a new open-source library called egg. Our case studies on three previously published applications of equality saturation highlight how egg's performance and flexibility enable state-of-the-art results across diverse domains.},
journal = {Proc. ACM Program. Lang.},
month = jan,
articleno = {23},
numpages = {29},
keywords = {equality saturation, e-graphs}
}



@article{ehrig2012,
	title={$\mathcal{M}$-Adhesive Transformation Systems with Nested Application Conditions. {P}art 2: Embedding, Critical Pairs and Local Confluence},
	author={Ehrig, H. and Golas, U. and Habel, A. and Lambers, L. and Orejas, F.},
	journal={Fundamenta Informaticae},
	volume={118},
	number={1-2},
	pages={35--63},
	year={2012},
	publisher={IOS Press}
}

@article{ehrig2014adhesive,
	title={$\mathcal{M}$-adhesive transformation systems with nested application conditions. {P}art 1: Parallelism, concurrency and amalgamation},
	author={Ehrig, H. and Golas, U. and Habel, A. and Lambers, L. and Orejas, F.},
	journal={Mathematical Structures in Computer Science},
	volume={24},
	number={4},
	pages={240406},
	year={2014},
	publisher={Cambridge University Press}
}


@phdthesis{heindel2009category,
	title={A category theoretical approach to the concurrent semantics of rewriting},
	author={Heindel, T.},
	year={2009},
	school={Universit{\"a}t Duisburg--Essen}
}


@article{garner2012axioms,
	title={On the axioms for adhesive and quasiadhesive categories},
	author={Garner, R. and Lack, S.},
	journal={Theory and Applications of Categories},
	volume={27},
	number={3},
	pages={27--46},
	year={2012},
	publisher={Mount Allison University},
}



@phdthesis{castelnovo2023thesis,
	author={D. Castelnovo},
	title={Fuzzy  algebraic theories and $\mathcal{M}, \mathcal{N}$-adhesive categories},
	school={University of Udine},
	year={2023},
}

@misc{baldan2024leftlinearrewritingadhesivecategories,
      title={Left-Linear Rewriting in Adhesive Categories}, 
      author={Paolo Baldan and Davide Castelnovo and Andrea Corradini and Fabio Gadducci},
      year={2024},
      eprint={2407.06181},
      archivePrefix={arXiv},
      primaryClass={cs.LO},
      url={https://arxiv.org/abs/2407.06181}, 
}


@misc{egg_form,
      title={Equivalence Hypergraphs: E-Graphs for Monoidal Theories}, 
      author={Dan R. Ghica and Chris Barrett and Aleksei Tiurin},
      year={2024},
      eprint={2406.15882},
      archivePrefix={arXiv},
      primaryClass={cs.LO},
      url={https://arxiv.org/abs/2406.15882}, 
}


@article{Tate_2011,
   title={Equality Saturation: A New Approach to Optimization},
   volume={Volume 7, Issue 1},
   ISSN={1860-5974},
   url={http://dx.doi.org/10.2168/LMCS-7(1:10)2011},
   DOI={10.2168/lmcs-7(1:10)2011},
   journal={Logical Methods in Computer Science},
   publisher={Centre pour la Communication Scientifique Directe (CCSD)},
   author={Tate, Ross and Stepp, Michael and Tatlock, Zachary and Lerner, Sorin},
   year={2011},
   month=mar }


@phdthesis{Nelson1980,
	author = {Nelson, Charles Gregory},
	title = {Techniques for program verification},
	year = {1980},
	publisher = {Stanford University},
	address = {Stanford, CA, USA},
}
