@book{pierce91,
    author ={Benjamin C. Pierce},
    title = {Basic Category Theory for Computer Scientists},
    publisher = {The MIT Press},
    year = {1991},
}

@book{Herrlich_Strecker_1979,
    place={Berlin},
    edition={2},
    series={Sigma Series in Pure Mathematics}, 
    title={Category Theory}, 
    volume={1}, 
    publisher={Heldermann Verlag Berlin}, 
    author={Herrlich, Horst and Strecker, George E.}, 
    year={1979}, 
    collection={Sigma Series in Pure Mathematics}
} 
