@inproceedings{inproceedings,
author = {Ehrig, Hartmut and Golas, Ulrike},
year = {2006},
month = {01},
pages = {235-251},
title = {Weak Adhesive High-Level Replacement Categories and Systems: A Unifying Framework for Graph and Petri Net Transformations},
isbn = {978-3-540-35462-8},
doi = {10.1007/11780274_13}
}